
        <record>
            <marc:datafield tag="001">swp-146561</marc:datafield>
            <marc:datafield tag="100" ind1="1" ind2="">
                <marc:subfield code="a">Dominic Tierney</marc:subfield>
            </marc:datafield>
            <marc:datafield tag="245" ind1="0" ind2="0">
                <marc:subfield code="a">The Iron Dice: Fatalism and War</marc:subfield>
            </marc:datafield>
            <marc:datafield tag="260" ind1="" ind2="">
                <marc:subfield code="b">Belfer Center for Science and International Affairs</marc:subfield>
                <marc:subfield code="c">20241210</marc:subfield>
            </marc:datafield>
            <marc:datafield tag="653" ind1="" ind2="">
                <marc:subfield code="a">Article</marc:subfield>
            </marc:datafield>
            <marc:datafield tag="856" ind1="4" ind2="">
                <marc:subfield code="u">https://www.belfercenter.org/research-analysis/iron-dice-fatalism-and-war</marc:subfield>
            </marc:datafield>
        </record>