
        <record>
            <marc:datafield tag="001">swp-146564</marc:datafield>
            <marc:datafield tag="100" ind1="1" ind2="">
                <marc:subfield code="a">Reid Pauly</marc:subfield>
            </marc:datafield>
            <marc:datafield tag="245" ind1="0" ind2="0">
                <marc:subfield code="a">Damned If They Do, Damned If They Don't: The Assurance Dilemma in International Coercion</marc:subfield>
            </marc:datafield>
            <marc:datafield tag="260" ind1="" ind2="">
                <marc:subfield code="b">Belfer Center for Science and International Affairs</marc:subfield>
                <marc:subfield code="c">20241210</marc:subfield>
            </marc:datafield>
            <marc:datafield tag="653" ind1="" ind2="">
                <marc:subfield code="a">Article</marc:subfield>
            </marc:datafield>
            <marc:datafield tag="856" ind1="4" ind2="">
                <marc:subfield code="u">https://www.belfercenter.org/research-analysis/damned-if-they-do-damned-if-they-dont-assurance-dilemma-international-coercion</marc:subfield>
            </marc:datafield>
        </record>