
        <record>
            <marc:datafield tag="001">swp-146565</marc:datafield>
            <marc:datafield tag="100" ind1="1" ind2="">
                <marc:subfield code="a">Bryan Popoola</marc:subfield>
            </marc:datafield>
            <marc:datafield tag="245" ind1="0" ind2="0">
                <marc:subfield code="a">Stabilizing Civil Wars without Peacekeeping: Evidence from South Asia</marc:subfield>
            </marc:datafield>
            <marc:datafield tag="260" ind1="" ind2="">
                <marc:subfield code="b">Belfer Center for Science and International Affairs</marc:subfield>
                <marc:subfield code="c">20241210</marc:subfield>
            </marc:datafield>
            <marc:datafield tag="653" ind1="" ind2="">
                <marc:subfield code="a">Article</marc:subfield>
            </marc:datafield>
            <marc:datafield tag="700" ind1="1" ind2="">
                <marc:subfield code="a">Paul Staniland</marc:subfield>
            </marc:datafield>
            <marc:datafield tag="700" ind1="1" ind2="">
                <marc:subfield code="a">Basil Bastaki</marc:subfield>
            </marc:datafield>
            <marc:datafield tag="856" ind1="4" ind2="">
                <marc:subfield code="u">https://www.belfercenter.org/research-analysis/stabilizing-civil-wars-without-peacekeeping-evidence-south-asia</marc:subfield>
            </marc:datafield>
        </record>