
        <record>
            <marc:datafield tag="001">swp-154657</marc:datafield>
            <marc:datafield tag="100" ind1="1" ind2="">
                <marc:subfield code="a">Eric Van Nostrand (US Treasury)</marc:subfield>
            </marc:datafield>
            <marc:datafield tag="245" ind1="0" ind2="0">
                <marc:subfield code="a">Doing business in America and the global economic outlook with US Treasury's Van Nostrand</marc:subfield>
            </marc:datafield>
            <marc:datafield tag="260" ind1="" ind2="">
                <marc:subfield code="b">Peterson Institute for International Economics</marc:subfield>
                <marc:subfield code="c">20241113</marc:subfield>
            </marc:datafield>
            <marc:datafield tag="653" ind1="" ind2="">
                <marc:subfield code="a">Event</marc:subfield>
            </marc:datafield>
            <marc:datafield tag="653" ind1="" ind2="">
                <marc:subfield code="a">Klima</marc:subfield>
            </marc:datafield>
            <marc:datafield tag="856" ind1="4" ind2="">
                <marc:subfield code="u">https://www.piie.com/events/2024/doing-business-america-and-global-economic-outlook-us-treasurys-van-nostrand</marc:subfield>
            </marc:datafield>
        </record>