
        <record>
            <marc:datafield tag="001">swp-154865</marc:datafield>
            <marc:datafield tag="245" ind1="0" ind2="0">
                <marc:subfield code="a">Beyond the buzzword: Collaboration for transformed education systems</marc:subfield>
            </marc:datafield>
            <marc:datafield tag="260" ind1="" ind2="">
                <marc:subfield code="b">Brookings Institution</marc:subfield>
                <marc:subfield code="c">20241113</marc:subfield>
            </marc:datafield>
            <marc:datafield tag="653" ind1="" ind2="">
                <marc:subfield code="a">Upcoming Event</marc:subfield>
            </marc:datafield>
            <marc:datafield tag="653" ind1="" ind2="">
                <marc:subfield code="a">Klima</marc:subfield>
            </marc:datafield>
            <marc:datafield tag="856" ind1="4" ind2="">
                <marc:subfield code="u">https://www.brookings.edu/events/beyond-the-buzzword/</marc:subfield>
            </marc:datafield>
        </record>