
        <record>
            <marc:datafield tag="001">swp-156184</marc:datafield>
            <marc:datafield tag="100" ind1="1" ind2="">
                <marc:subfield code="a">Timo Smit</marc:subfield>
            </marc:datafield>
            <marc:datafield tag="245" ind1="0" ind2="0">
                <marc:subfield code="a">Towards a More Strategic Civilian CSDP: Strengthening EU Civilian Crisis Management in a New Era of Geopolitics and Risk</marc:subfield>
            </marc:datafield>
            <marc:datafield tag="260" ind1="" ind2="">
                <marc:subfield code="b">Stockholm International Peace Research Institute (SIPRI)</marc:subfield>
                <marc:subfield code="c">20241110</marc:subfield>
            </marc:datafield>
            <marc:datafield tag="520" ind1="" ind2="">
                <marc:subfield code="a">In the wake of Russia's full-scale invasion of Ukraine, European Union (EU) member states have taken decisions that have shifted the focus of civilian Common Security and Defence Policy (CSDP) more firmly to its Eastern Neighbourhood. This shift has raised the geopolitical profile and relevance of civilian CSDP, but it has also increased the stakes. Although civilian CSDP has become more geopolitical, it has not necessarily become more strategic, as decision making and action remain ad hoc and reactive. This raises questions about the EU's capacity to use civilian CSDP more strategically and beyond current levels.<br />This paper identifies three strategic priorities for civilian CSDP missions: equipping missions to deliver on mandates; where possible, supporting EU candidate countries in the accession process; and enhancing the ability of missions to react and adapt to evolving needs or emerging crises.<br />The EU and its member states have taken steps to enhance their ability to act and strengthen civilian CSDP under the Civilian CSDP Compact. However, these efforts have mainly focused on building capabilities, which are essential but not enough on their own. A more strategic civilian CSDP requires stronger political control and strategic direction from EU member states and that all key enablers—capabilities, decision making and budget—are addressed to increase its preparedness and strategic potential.</marc:subfield>
            </marc:datafield>
            <marc:datafield tag="653" ind1="" ind2="">
                <marc:subfield code="a">Policy reports</marc:subfield>
            </marc:datafield>
            <marc:datafield tag="856" ind1="4" ind2="">
                <marc:subfield code="u">https://www.sipri.org/publications/2024/policy-reports/towards-more-strategic-civilian-csdp-strengthening-eu-civilian-crisis-management-new-era-geopolitics</marc:subfield>
            </marc:datafield>
        </record>