
        <record>
            <marc:datafield tag="001">swp-156287</marc:datafield>
            <marc:datafield tag="100" ind1="1" ind2="">
                <marc:subfield code="a">Simon Hankinson</marc:subfield>
            </marc:datafield>
            <marc:datafield tag="245" ind1="0" ind2="0">
                <marc:subfield code="a">Is the State Department Using "DEIA" to Discriminate Against Men?</marc:subfield>
            </marc:datafield>
            <marc:datafield tag="260" ind1="" ind2="">
                <marc:subfield code="b">Heritage Foundation</marc:subfield>
                <marc:subfield code="c">20241112</marc:subfield>
            </marc:datafield>
            <marc:datafield tag="653" ind1="" ind2="">
                <marc:subfield code="a">Report</marc:subfield>
            </marc:datafield>
            <marc:datafield tag="856" ind1="4" ind2="">
                <marc:subfield code="u">https://www.heritage.org/gender/report/the-state-department-using-deia-discriminate-against-men</marc:subfield>
            </marc:datafield>
        </record>