
        <record>
            <marc:datafield tag="001">swp-156286</marc:datafield>
            <marc:datafield tag="100" ind1="1" ind2="">
                <marc:subfield code="a">Press and information team of the Delegation to the Argentina</marc:subfield>
            </marc:datafield>
            <marc:datafield tag="245" ind1="0" ind2="0">
                <marc:subfield code="a">Concurso de cortos para jóvenes de Argentina: ¡Felicitaciones a los cortos ganadores!</marc:subfield>
            </marc:datafield>
            <marc:datafield tag="260" ind1="" ind2="">
                <marc:subfield code="b">EU External Action Service | Press Releases</marc:subfield>
                <marc:subfield code="c">20241112</marc:subfield>
            </marc:datafield>
            <marc:datafield tag="653" ind1="" ind2="">
                <marc:subfield code="a">Mena</marc:subfield>
            </marc:datafield>
            <marc:datafield tag="653" ind1="" ind2="">
                <marc:subfield code="a">Afrika</marc:subfield>
            </marc:datafield>
            <marc:datafield tag="653" ind1="" ind2="">
                <marc:subfield code="a">LA</marc:subfield>
            </marc:datafield>
            <marc:datafield tag="856" ind1="4" ind2="">
                <marc:subfield code="u">https://www.eeas.europa.eu/delegations/argentina/concurso-de-cortos-para-j%C3%B3venes-de-argentina-%C2%A1felicitaciones-los-cortos-ganadores_und_en</marc:subfield>
            </marc:datafield>
        </record>