
        <record>
            <marc:datafield tag="001">swp-156248</marc:datafield>
            <marc:datafield tag="100" ind1="1" ind2="">
                <marc:subfield code="a">Danielle Resnick</marc:subfield>
            </marc:datafield>
            <marc:datafield tag="245" ind1="0" ind2="0">
                <marc:subfield code="a">Democratic resilience in Africa: Lessons from 2024 elections</marc:subfield>
            </marc:datafield>
            <marc:datafield tag="260" ind1="" ind2="">
                <marc:subfield code="b">Brookings Institution</marc:subfield>
                <marc:subfield code="c">20241112</marc:subfield>
            </marc:datafield>
            <marc:datafield tag="653" ind1="" ind2="">
                <marc:subfield code="a">Commentary</marc:subfield>
            </marc:datafield>
            <marc:datafield tag="653" ind1="" ind2="">
                <marc:subfield code="a">Klima</marc:subfield>
            </marc:datafield>
            <marc:datafield tag="700" ind1="1" ind2="">
                <marc:subfield code="a">Landry Signé</marc:subfield>
            </marc:datafield>
            <marc:datafield tag="856" ind1="4" ind2="">
                <marc:subfield code="u">https://www.brookings.edu/articles/democratic-resilience-in-africa-lessons-from-2024-elections/</marc:subfield>
            </marc:datafield>
        </record>