
        <record>
            <marc:datafield tag="001">swp-156165</marc:datafield>
            <marc:datafield tag="100" ind1="1" ind2="">
                <marc:subfield code="a">This updates a previous edition</marc:subfield>
            </marc:datafield>
            <marc:datafield tag="245" ind1="0" ind2="0">
                <marc:subfield code="a">Reinforcing Europe's defence industry</marc:subfield>
            </marc:datafield>
            <marc:datafield tag="260" ind1="" ind2="">
                <marc:subfield code="b">European Parliamentary Research Service</marc:subfield>
                <marc:subfield code="c">20241112</marc:subfield>
            </marc:datafield>
            <marc:datafield tag="520" ind1="" ind2="">
                <marc:subfield code="a">The European defence industry comprises a number of large multinational companies, mid-caps and a large number of small and medium-sized enterprises (SMEs).</marc:subfield>
            </marc:datafield>
            <marc:datafield tag="653" ind1="" ind2="">
                <marc:subfield code="a">Asien</marc:subfield>
            </marc:datafield>
            <marc:datafield tag="700" ind1="1" ind2="">
                <marc:subfield code="a">published in 2023</marc:subfield>
            </marc:datafield>
            <marc:datafield tag="700" ind1="1" ind2="">
                <marc:subfield code="a">Sebastian Clapp</marc:subfield>
            </marc:datafield>
            <marc:datafield tag="856" ind1="4" ind2="">
                <marc:subfield code="u">https://epthinktank.eu/2024/11/12/reinforcing-europes-defence-industry/</marc:subfield>
            </marc:datafield>
        </record>