
        <record>
            <marc:datafield tag="001">swp-154672</marc:datafield>
            <marc:datafield tag="245" ind1="0" ind2="0">
                <marc:subfield code="a">What happened on Nov 5: A deep dive into the results of the presidential and congressional races</marc:subfield>
            </marc:datafield>
            <marc:datafield tag="260" ind1="" ind2="">
                <marc:subfield code="b">Brookings Institution</marc:subfield>
                <marc:subfield code="c">20241112</marc:subfield>
            </marc:datafield>
            <marc:datafield tag="653" ind1="" ind2="">
                <marc:subfield code="a">Upcoming Event</marc:subfield>
            </marc:datafield>
            <marc:datafield tag="653" ind1="" ind2="">
                <marc:subfield code="a">Klima</marc:subfield>
            </marc:datafield>
            <marc:datafield tag="856" ind1="4" ind2="">
                <marc:subfield code="u">https://www.brookings.edu/events/what-happened-on-nov-5-a-deep-dive-into-the-results-of-the-presidential-and-congressional-races/</marc:subfield>
            </marc:datafield>
        </record>