
        <record>
            <marc:datafield tag="001">swp-156129</marc:datafield>
            <marc:datafield tag="100" ind1="1" ind2="">
                <marc:subfield code="a">Press and information team of the Delegation to INDIA and BHUTAN</marc:subfield>
            </marc:datafield>
            <marc:datafield tag="245" ind1="0" ind2="0">
                <marc:subfield code="a">EU-India jointly discuss Assessment and Monitoring tools for marine plastic litter under the EU-India Trade and Technology Council</marc:subfield>
            </marc:datafield>
            <marc:datafield tag="260" ind1="" ind2="">
                <marc:subfield code="b">EU External Action Service | Press Releases</marc:subfield>
                <marc:subfield code="c">20241112</marc:subfield>
            </marc:datafield>
            <marc:datafield tag="653" ind1="" ind2="">
                <marc:subfield code="a">Mena</marc:subfield>
            </marc:datafield>
            <marc:datafield tag="653" ind1="" ind2="">
                <marc:subfield code="a">Afrika</marc:subfield>
            </marc:datafield>
            <marc:datafield tag="653" ind1="" ind2="">
                <marc:subfield code="a">LA</marc:subfield>
            </marc:datafield>
            <marc:datafield tag="856" ind1="4" ind2="">
                <marc:subfield code="u">https://www.eeas.europa.eu/delegations/india/eu-india-jointly-discuss-assessment-and-monitoring-tools-marine-plastic-litter-under-eu-india-trade_en</marc:subfield>
            </marc:datafield>
        </record>